%
%  An example of a bibliographical database in BibTeX format,
%  which is used by biblatex to create the list of referenced works.
%
%  Academic search engines and software for maintenance of bibliography
%  often supports exporting records in BibTeX format. We recommend:
%
%    - Google Scholar (https://scholar.google.com/)
%    - JabRef (https://www.jabref.org/)
%    - zoterobib (https://zbib.org/)
%
%  BEWARE:
%
%    *  If a name contains a capital letter, which must be kept such,
%       use curly brackets ({T}hailand, {HIV}).
%
%  ===========================================================================

 @article{Pinho_Aguiar_Amaral_2023,
  title    = {What about the usability in low-code platforms? A systematic literature review},
  volume   = {74},
  issn     = {25901184},
  url      = {https://linkinghub.elsevier.com/retrieve/pii/S259011842200082X},
  doi      = {10.1016/j.cola.2022.101185},
  journal  = {Journal of Computer Languages},
  author   = {Pinho, Daniel and Aguiar, Ademar and Amaral, Vasco},
  year     = {2023},
  month    = jan,
  pages    = {101185},
  language = {en}
}
